@Article{MSAReport,
    author = {Quwaider, Muhannad and Jararweh, Yaser},
	year = {2015},
	month = {01},
	pages = {},
	title = {Cloudlet-based Efficient Data Collection in Wireless Body Area Networks},
	journal = {Simulation Modelling Practice and Theory},
	doi = {10.1016/j.simpat.2014.06.015}
}

@Article{TheEmergenceOfEdgeComputing,
	author = {Satyanarayanan, Mahadev},
	year = {2017},
	month = {01},
	pages = {30-39},
	title = {The Emergence of Edge Computing},
	volume = {50},
	journal = {Computer},
	doi = {10.1109/MC.2017.9}
}

@inproceedings{TheSeminalRoleEdgeNativeApplications,
	author = {Satyanarayanan, Mahadev and Klas, Guenter and Silva, Marco and Mangiante, Simone},
	year = {2019},
	month = {07},
	pages = {33-40},
	title = {The Seminal Role of Edge-Native Applications},
	doi = {10.1109/EDGE.2019.00022}
}

@article{ArchitecturalTacticsCyberForaging,
	author = {Lewis, Grace and Lago, Patricia},
	year = {2015},
	month = {06},
	pages = {},
	title = {Architectural Tactics for Cyber-Foraging: Results of a Systematic Literature Review},
	volume = {107},
	journal = {Journal of Systems and Software},
	doi = {10.1016/j.jss.2015.06.005}
}

@inproceedings{DecisionModel,
	author = {Lewis, Grace and Lago, Patricia and Avgeriou, Paris},
	year = {2016},
	month = {04},
	pages = {},
	title = {A Decision Model for Cyber-Foraging Systems},
	doi = {10.1109/WICSA.2016.38}
}

@inproceedings{ImprovedMAC,
	author = {Issaoui, Leila and Horrich, Asma and Sethom, Kaouthar},
	year = {2017},
	month = {07},
	pages = {416-420},
	title = {Improved MAC access under IEEE 802.15.6 WBAN standard},
	doi = {10.1109/ICUFN.2017.7993819}
}

@INPROCEEDINGS{ImpactApproximation,
  author={I. {Felzmann} and J. {Fabr√≠cio Filho} and R. {Azevedo} and L. {Wanner}},
  booktitle={2018 Symposium on High Performance Computing Systems (WSCAD)}, 
  title={Impact of Memory Approximation on Energy Efficiency}, 
  year={2018},
  volume={},
  number={},
  pages={53-60},
}

@ARTICLE{ApproximateComputingArticle,
  author={T. {Moreau} and A. {Sampson} and L. {Ceze}},
  journal={IEEE Pervasive Computing}, 
  title={Approximate Computing: Making Mobile Systems More Efficient}, 
  year={2015},
  volume={14},
  number={2},
  pages={9-13},
}

@unknown{Towards,
	author = {Pejovic, Veljko},
	year = {2019},
	month = {01},
	pages = {},
	title = {Towards Approximate Mobile Computing}
}

